@misc{coleman,
  author       = "Gabriella Coleman",
  title        = "Anonymous in Context: The Politics and Power behind the Mask",
  year         = "2013",
  howpublished = "\url{https://www.cigionline.org/sites/default/files/no3_8.pdf}",
}

@misc{ukddos,
  author       = "The Register Contributors",
  title        = "UK bans denial of service attacks",
  year         = "2006",
  howpublished = "\url{https://www.theregister.co.uk/2006/11/12/uk_bans_denial_of_service_attacks/}"
}

@misc{whistleblower,
  author       = "Fox News",
  title        = "Assange implies murdered DNC staffer was WikiLeaks' source",
  year         = "2016",
  howpublished = "\url{http://www.foxnews.com/politics/2016/08/10/assange-implies-murdered-dnc-staffer-was-wikileaks-source.html}"
}
