@book{wilde,
  author = {Oscar Wilde},
  publisher = {Ward, Lock, and Co.},
  title = {The Picture of Dorian Gray},
  year = {1891}
}

@incollection{hawthorne,
  author      = {Julian Hawthorne},
  title       = {The Romance of the Impossible},
  editor      = {Harold Bloom},
  booktitle   = {Bloom's Classical Critical Reviews: Oscar Wilde},
  publisher   = {Infobase Publishing},
  address     = {New York},
  year        = {2008},
  pages       = {112-114}
}

@incollection{pater,
  author      = {Water Pater},
  title       = {A Novel by Mr.\ Wilde},
  editor      = {Harold Bloom},
  booktitle   = {Bloom's Classical Critical Reviews: Oscar Wilde},
  publisher   = {Infobase Publishing},
  address     = {New York},
  year        = {2008},
  pages       = {114-117}
}

@incollection{riquelme,
  author      = {John Paul Riquelme},
  title       = {Oscar Wilde's Aesthetic Gothic: Walet Pater, Dark Enlightenment, and The Picture of Dorian Gray},
  editor      = {Harold Bloom},
  booktitle   = {Bloom's Modern Critical Reviews: Oscar Wilde},
  publisher   = {Infobase Publishing},
  address     = {New York},
  year        = {2011},
  pages       = {71-90}
}

@incollection{ellman,
  author      = {Richard Ellman},
  title       = {The Uses of Decadence: Wilde, Yeats, and Joyce},
  editor      = {Phillip Lopate},
  booktitle   = {Ordering Mirror},
  publisher   = {Fordham University Press},
  address     = {New York},
  year        = {1993},
  pages       = {115-133}
}

@article{wainwright,
  author      = {Michael Wainwright},
  title       = {Oscar Wilde, the Science of Heredity, and The Picture of Dorian Gray},
  journal     = {English Literature in Transition, 1880-1920},
  year        = {2011},
  number      = {4},
  pages       = {494-522},
  month       = {7},
  volume      = {54}
}

@electronic{wk,
  author      = {Wikipedia Contributors},
  title       = {The Picture of Dorian Gray},
  url         = {http://en.wikipedia.org/wiki/The_Picture_of_Dorian_Gray},
}
