@electronic{circleci,
  author        = "CircleCI Staff",
  title         = "CircleCI Homepage",
  url           = "https://circleci.com/",
  month         = sep,
  year          = "2015"
}

@electronic{codacy,
  author        = "Codacy Staff",
  title         = "Codacy Homepage",
  url           = "https://www.codacy.com/",
  month         = sep,
  year          = "2015"
}

@electronic{component,
  author        = "Wikipedia Contributors",
  title         = "Component-based software engineering",
  url           = "https://en.wikipedia.org/wiki/Component-based_software_engineering",
  month         = sep,
  year          = "2015"
}

@electronic{consul,
  author        = "Consul Staff",
  title         = "Consul Documentation",
  url           = "https://consul.io/",
  month         = sep,
  year          = "2015"
}

@electronic{coveralls,
  author        = "Coveralls Staff",
  title         = "Coveralls Homepage",
  url           = "https://coveralls.io/",
  month         = sep,
  year          = "2015"
}

@electronic{mcda,
  author        = "Ling Xu and Jian-Bo Yang",
  title         = "Introduction to Multi-Criteria Decision Making and the Evidential Reasoning Approach",
  url           = "https://php.portals.mbs.ac.uk/Portals/49/docs/jyang/XuYang_MSM_WorkingPaperFinal.pdf",
  month         = may,
  year          = "2001"
}

@electronic{playbooks,
  author        = "Ansible Staff",
  title         = "Ansible Documentation",
  url           = "http://docs.ansible.com/ansible/playbooks.html",
  month         = sep,
  year          = "2015"
}

@electronic{practices,
  author        = "Tara Lee Whitaker",
  title         = "Differences between Waterfall, Iterative Waterfall, Scrum and Lean Software Development",
  url           = "http://www.agilistapm.com/differences-between-waterfall-iterative-waterfall-scrum-and-lean-software-development-in-pictures/",
  month         = aug,
  year          = "2015"
}

@electronic{requires,
  author        = "Requires.io Staff",
  title         = "Requires.io Homepage",
  url           = "https://requires.io/",
  month         = sep,
  year          = "2015"
}

@electronic{talkiq,
  author        = "TalkIQ Staff",
  title         = "TalkIQ Homepage",
  url           = "http://talkiq.com",
  month         = sep,
  year          = "2015"
}
