@electronic{aerofs,
  author        = "AeroFS Staff",
  title         = "AeroFS Homepage",
  url           = "http://aerofs.com",
  month         = may,
  year          = "2016"
}

@electronic{mcda,
  author        = "Ling Xu and Jian-Bo Yang",
  title         = "Introduction to Multi-Criteria Decision Making and the Evidential Reasoning Approach",
  url           = "https://php.portals.mbs.ac.uk/Portals/49/docs/jyang/XuYang_MSM_WorkingPaperFinal.pdf",
  month         = may,
  year          = "2001"
}

@electronic{microservices,
  author        = "Martin Fowler",
  title         = "Microservices",
  url           = "http://martinfowler.com/articles/microservices.html",
  month         = march,
  year          = "2014"
}

@electronic{progressbar,
  author        = "Taige Zhang",
  title         = "The Power of The Progress Bar",
  url           = "https://blog.kissmetrics.com/the-progress-bar/",
  month         = march,
  year          = "2013"
}
