@electronic{wriber,
  author        = "John Zupancic",
  title         = "Wriber Homepage",
  url           = "http://wriber.com",
  month         = apr,
  year          = "2014"
}

@electronic{mcda,
  author        = "Ling Xu and Jian-Bo Yang",
  title         = "Introduction to Multi-Criteria Decision Making and the Evidential Reasoning Approach",
  url           = "https://php.portals.mbs.ac.uk/Portals/49/docs/jyang/XuYang_MSM_WorkingPaperFinal.pdf",
  month         = may,
  year          = "2001"
}

@electronic{bi,
  author        = "Long-Ji Lin",
  title         = "How Machine Learning Drives Better Ad Performance",
  url           = "http://www.businessinsider.com/how-machine-learning-drives-ad-performance-2014-2",
  month         = mar,
  year          = "2014"
}

@electronic{ltr,
  author        = "Hang Li",
  title         = "A Short Introduction to Learning to Rank",
  url           = "http://research.microsoft.com/en-us/people/hangli/l2r.pdf",
  month         = oct,
  year          = "2011"
}

@electronic{kamil,
  author        = "Kamil Rextin",
  title         = "Start-up Spotlight ~ Wriber",
  url           = "http://blog.kwstartups.com/post/58069927060/start-up-spotlight-wriber",
  month         = aug,
  year          = "2013"
}

@electronic{dimen,
  author        = "Kenji Fukumizu and Francis R. Bach and Michael L. Jordan",
  title         = "Dimensionality Reduction for SUpervised Learning with Reproducing Kernel Hilbert Spaces",
  url           = "http://machinelearning.wustl.edu/mlpapers/paper_files/FukumizuBJ03.pdf",
  month         = jan,
  year          = "2004"
}
